2784 4767
1021 208 1039 256 l

303 275 494 358 ’.Ι
1039 310 1042 317 .

247 447 324 537 fid
513 431 1126 541 assertatores⁸

249 651 283 718 p.
299 631 350 700 45.
367 623 442 704 ubi,
466 623 734 708 quemadmodum
747 643 843 710 supra
858 620 1015 708 φοιτσίοηξ
1029 620 1174 708 ὁσημέραι
1192 619 1268 710 cepi
1284 647 1322 708 οε,
1360 542 1362 659 ί

251 711 422 789 similiter,
445 712 499 777 καὶ
512 717 642 794 συνεχῶς
664 713 713 776 ἓττί
727 707 766 775 ssi
788 704 1030 792 τοτἰτουρεῑθρα
1050 716 1203 792 φοιτῶσα,
1230 708 1324 790 κοτίνοις
1360 740 1361 749 ’

256 795 450 882 ἀπωδύρετο·
484 794 572 880 quod
595 795 764 872 ultimum,
787 793 858 860 ¹etsi
880 795 1038 881 sagaciter
1061 794 1250 879 cogitaverit
1265 796 1324 860 Tan

115 883 118 890 ’
145 945 151 960 ,
257 883 370 960 Faber,
394 902 465 942 eum
481 902 520 943 eo
537 900 603 940 uon
620 878 830 942 tentandums
853 879 955 940 sicet
977 879 1008 963 p.'
1032 887 1086 948 27.
1110 873 1151 939 de
1172 878 1326 960 Iphimedis

258 965 410 1056 Neptuni
424 963 527 1046 ipsius
539 985 646 1026 umore
657 978 773 1048 capta,
795 963 848 1029 καί
869 971 998 1048 συνεχῶς
1013 970 1151 1046 φοιτῶσα
1166 965 1215 1030 tst
1225 962 1325 1046 τηνθί-

259 1059 383 1122 masas.
426 1049 528 1111 Poeta
551 1047 691 1130 dixerat,
722 1052 784 1114 Καί
800 1044 831 1132 ῤ’
849 1044 900 1113 irr’
916 1042 1073 1128 Ἐνιπῆος
1093 1050 1255 1115 πωλέσκετο
1271 1049 1328 1115 soli

259 1139 388 1224 ῥέεθρα·
416 1135 481 1196 vim
496 1131 588 1220 verbi
605 1134 774 1198 Homerici
795 1134 1003 1216 explanatius
1018 1133 1172 1194 dilatavit=
1191 1133 1327 1214 Lucienus,

223 1294 225 1298 ,
259 1221 346 1308 παρὰ
358 1217 412 1306 soie
426 1217 522 1302 ὄχθας
534 1211 690 1298 ἁλύουσα,
712 1220 765 1287 καί
779 1219 1021 1303 ἐπεμβαίνουσα,
1043 1220 1096 1284 καί
1116 1221 1260 1303 λουομένη
1274 1224 1330 1288 islo·

261 1324 310 1376 οο·
331 1327 405 1366 nam
419 1305 535 1366 vocula
557 1317 734 1384 postrema,
766 1323 862 1388 quam
878 1325 981 1412 prava
1006 1303 1195 1365 cunctarum
1215 1303 1277 1370 edd.
1295 1305 1331 1365 di-

226 1421 228 1426 ·
262 1391 440 1454 stinctiona
456 1385 583 1470 decepti
599 1387 790 1470 interpretes
801 1386 843 1448 ad
860 1413 959 1472 ευχετο
980 1393 1178 1460 retulerunt,
1199 1409 1264 1450 cum
1277 1411 1331 1451 ver.

186 1503 192 1515 ,
240 1528 244 1540 ,
262 1475 307 1538 bo
324 1474 473 1557 λοοομίνη
488 1471 560 1534 sine
575 1473 794 1538 controversia
812 1474 963 1537 connecti
980 1471 1093 1536 debet:
1117 1470 1330 1536 volnitLuo'o-

264 1585 338 1637 nus,
362 1563 451 1638 Tyro
470 1554 509 1617 ad
525 1557 611 1640 ripas
625 1571 807 1620 exsternata
822 1573 927 1621 mente
942 1557 1114 1636 oberrasse,
1137 1556 1205 1618 imo
1221 1575 1332 1642 praeter·

210 1649 213 1658 ⁴
266 1665 304 1708 ea
317 1643 452 1728 fluvium
465 1641 639 1726 ingressam
656 1642 777 1718 fuisse;
801 1641 993 1726 quinetiam
1011 1639 1211 1726 aliqnando,
1240 1642 1331 1725 positis

265 1729 431 1806 ¹vestibus,
453 1727 625 1806 selavicas.
669 1729 864 1812 Torpentem
884 1727 1051 1810 prefecto,
1076 1729 1250 1789 colentum
1272 1749 1332 1788 am·

266 1829 370 1876 torem
392 1811 574 1894 Enipeum,
605 1811 662 1894 qui
690 1812 892 1876 occasionem
912 1825 1051 1888 tantam,
1073 1825 1334 1896 tamqneoptatam

227 1917 230 1925 '
266 1893 426 1962 amiserit!
449 1915 515 1976 non
528 1894 574 1956 ita
591 1893 785 1998 Neptunus,
810 1897 915 1958 acrior
930 1895 964 1956 in
981 1895 1097 1972 bellas,
1121 1917 1201 1976 nec,
1224 1894 1334 1979 φείδεο·

266 1977 434 2045 mandrurn
463 1978 650 2059 simulabat,
684 1975 802 2044 Cimon
830 1979 917 2065 apud
934 1981 1114 2044 Aeschinem
1138 1981 1203 2062 Ep.
1222 1980 1260 2045 Χ.
1276 1979 1334 2042 lit.
1364 2008 1366 2047 ι

263 2065 396 2134 Aristid.
411 2062 526 2126 Isthm.
546 2085 580 2147 p.
596 2069 649 2132 47.
678 2065 819 2129 Hamas.
861 2064 969 2128 Modo
990 2062 1098 2148 ηὔχετο
1118 2064 1236 2148 scripsi
1252 2081 1336 2126 contu

265 2151 411 2215 omnium
426 2147 582 2216 librorum
600 2150 835 2213 auctoritatem.
880 2151 933 2210 An
957 2165 1052 2232 putes
1072 2147 1336 2254 eundemscripto·

263 2257 332 2300 rem
357 2234 411 2296 hic
435 2230 574 2296 edidisse
598 2229 718 2318 εὔχετο,
742 2235 821 2298 alibi
835 2231 962 2320 pipere,-
984 2235 1088 2318 Atqui
1102 2235 1249 2298 invenias
1265 2260 1338 2317 ηιηοτ

265 2333 300 2386 et
311 2315 448 2404 ηὔχόμην
464 2313 589 2402 Catapl.
606 2341 632 2385 e.
650 2325 701 2388 10.
714 2333 747 2382 et
759 2316 916 2403 ηὖχόμεθα
923 2319 997 2385 Ver.
1021 2319 1109 2383 Hist.
1124 2319 1173 2399 11,
1191 2326 1240 2388 41.
1254 2340 1338 2382 sema.

176 2441 179 2453 ·
268 2405 345 2468 dum
361 2415 561 2467 constantem
575 2396 731 2465 librariam
745 2405 945 2489 scripturam.
966 2391 1135 2466 Praeterea
1154 2405 1339 2468 consentiunt

265 2489 347 2554 iibri
361 2503 393 2552 et
410 2487 524 2571 scripti
537 2501 570 2549 et
585 2488 732 2574 impressi
747 2488 782 2549 in
796 2487 954 2574 ηὐδοκίμει
976 2489 1045 2552 vit.
1060 2490 1157 2552 Anot.
1175 2511 1243 2580 cap.
1250 2483 1298 2556 '12
1314 2501 1338 2547 et

266 2572 440 2658 ηὐκαίρουν
453 2573 561 2638 Amor.
578 2593 606 2637 e.
627 2581 678 2643 33.
698 2573 757 2636 ubi
780 2596 866 2636 nnus
887 2574 990 2636 codex
1011 2574 1048 2638 Ρ.
1065 2568 1241 2658 edentem.
1272 2569 1339 2658 Quid

267 2659 281 2722 i
304 2659 371 2722 itur
386 2655 487 2720 facias
501 2657 614 2719 formis
628 2658 771 2744 vulgetis
783 2659 849 2722 illis
866 2656 1053 2748 εὐδοκίμουν
1065 2677 1125 2743 pro
1140 2659 1234 2744 Imag
1254 2677 1297 2721 .α.
1305 2662 1339 2724 19.

175 2775 179 2780 ·
298 2749 361 2810 lex.
379 2764 408 2807 o.
422 2745 474 2812 22.
494 2734 723 2828 εὐδοκιμηκέναι
734 2741 775 2806 de
787 2743 894 2808 Peras.
908 2765 937 2808 ο.
954 2744 1034 2812 82.Ῠ
1075 2681 1273 2807 Retinendas
1284 2761 1341 2804 oen·

182 2831 195 2850 ⁸
267 2829 338 2894 snit
359 2826 511 2906 Reirzs'as,
533 2824 741 2914 corrigendas
755 2827 898 2893 Sanam.
928 2825 1048 2892 'Facio
1073 2850 1145 2890 cnm
1174 2829 1297 2906 Soleae¹
1318 2837 1341 2886 ct

267 2914 399 3000 corrigo
412 2934 489 3002 mox
503 2907 697 3014 ηὐφραίνου,
721 2913 783 2976 atsi
805 2914 841 2975 in
864 2911 1013 2976 omnibns
1030 2913 1261 2996 exemplaribus
1283 2909 1341 2972 meis

267 2997 316 3085 in,
325 2997 496 3082 εὐφραίνου
518 2997 631 3066 incidi.
683 2998 816 3063 Scilicet
843 3011 882 3060 ut
899 2996 1073 3062 concedam
1093 2997 1278 3080 scriptorem
1296 3015 1343 3056 no·

86 3120 90 3132 .
217 3115 222 3142 r
268 3097 370 3172 strum
385 3083 420 3144 in
438 3083 662 3146 Grammaticis
679 3105 746 3146 non
763 3084 867 3145 fnisse
880 3097 1006 3149 austera
1026 3087 1079 3146 vel
1103 3081 1289 3170 diligentia,
1306 3080 1343 3138 vt!

267 3166 475 3246 mussantis,
498 3169 686 3248 praesertim
699 3166 759 3228 ubi
774 3169 954 3254 elegantior
968 3188 1081 3231 sensns
1094 3180 1128 3229 et
1151 3167 1252 3230 altior
1271 3162 1344 3247 spiri·

199 3321 202 3331 1
268 3265 321 3313 tus
336 3273 408 3314 cum
422 3271 531 3313 severs
547 3253 838 3337 legeGrammatica
850 3251 1210 3352 pugnarevidereuturt
1230 3251 1344 3312 hausu·

268 3358 341 3398 men
359 3341 428 3400 e'us
443 3333 627 3416 licentiam,
658 3356 753 3424 quam
779 3338 875 3399 etiam
897 3360 932 3399 rn
953 3339 1103 3422 prosaico
1125 3337 1280 3421 scriptore
1296 3352 1345 3394 nou

268 3360 407 3488 obsurde
438 3441 498 3480 nec
523 3423 643 3484 frustra
664 3443 736 3484 cum
756 3422 888 3507 poetica
909 3422 965 3484 illa
985 3422 1239 3508 comparaveris,
1266 3417 1345 3480 nolim

267 3489 381 3567 isaberi
397 3502 556 3564 infinitam
570 3527 673 3605 eoque
689 3526 792 3590 usqne
809 3505 962 3584 extendi,
984 3522 1023 3569 ut
1036 3528 1055 3570 a
1070 3510 1186 3594 regula
1197 3521 1231 3568 et
1243 3525 1301 3567 usn
1313 3522 1347 3563 re·

268 3603 366 3669 cepto
382 3589 481 3663 esiam
501 3600 570 3650 tunt
593 3589 723 3652 dicatur
742 3590 901 3673 Lucienus
912 3593 1084 3654 recessisse
1092 3637 1103 3670 ,
1132 3590 1192 3651 ubi
1214 3589 1250 3652 id
1264 3603 1347 3649 merse

268 3676 321 3734 vel
337 3671 513 3734 temeritati
526 3684 559 3736 et
571 3673 716 3754 levitati,
737 3679 789 3737 vel
801 3674 1007 3775 ignorantiae
1021 3691 1055 3740 et
1073 3677 1202 3760 stnporl
1227 3673 1347 3736 πίοιεν·

269 3753 344 3817 dum
368 3755 465 3823 foret.
509 3755 607 3840 Apud
628 3771 750 3822 veteres
772 3758 901 3843 quidem
924 3761 1052 3824 Atticos
1063 3808 1074 3844 ,
1103 3760 1273 3846 propiores
1293 3755 1347 3815 illos

267 3841 401 3926 poetico
419 3861 515 3919 aevo,
540 3863 606 3906 non
623 3841 712 3906 lirma
733 3844 799 3905 fnit
821 3843 862 3907 de
881 3844 1049 3931 augmenti
1071 3867 1133 3907 usu
1153 3846 1227 3906 lexr
1254 3837 1304 3903 sed
1323 3855 1349 3896 es

268 3939 391 4005 aetate,
409 3948 476 4011 qna
495 3925 651 3991 Lucienus
663 3928 807 4012 scripsit,
836 3951 931 4014 qnam
950 3935 1022 4013 jure
1043 3927 1292 4014 grammaticam,
1311 3915 1349 3982 rel

267 4005 449 4094 technicam
465 4007 565 4090 dicas,
576 4012 769 4094 arctioribps
786 4014 1045 4098 certioribusque
1053 4013 1175 4077 linibus
1187 4009 1350 4074 restrictum

267 4094 371 4174 foisse
384 4109 513 4164 constat
527 4097 753 4180 Atticis'mum,
776 4113 815 4160 ns
831 4121 898 4161 non
918 4113 1036 4163 temen
1050 4117 1110 4162 nec
1132 4099 1265 4181 impune
1282 4095 1352 4183 leget

266 4181 339 4262 ejus
369 4178 507 4262 rpigrare
527 4181 658 4262 liceret,
688 4200 731 4244 ne
750 4183 784 4245 ei
816 4182 966 4268 quidem,
1003 4183 1059 4246 cni
1079 4181 1160 4244 alias
1180 4180 1223 4242 ob
1238 4173 1353 4261 tagam

269 4262 504 4354 praestantiam
519 4267 636 4331 aetatis
657 4287 735 4334 suae
755 4266 861 4342 labem
882 4266 1087 4351 dissimulare
1103 4263 1235 4346 iissbst.
1274 4263 1353 4334 l'lffl
