2784 4767
229 391 306 463 394
497 407 1069 465 unreonnnnonns

226 577 302 617 nem
324 556 452 619 merito
463 556 616 641 repudiat
637 558 738 621 Varro
760 554 800 625 de
815 556 856 617 L.
871 554 912 621 L.
927 553 985 617 IV.
1008 576 1041 639 p.
1057 562 1106 625 17.
1127 556 1216 619 Nam
1234 582 1339 643 neque,

111 682 119 699 .
227 651 306 726 epuns
324 642 495 705 Ambracia
514 639 681 724 (nondum
704 664 761 702 cur
782 640 940 722 scripture
961 657 1053 703 vetus
1073 644 1190 703 mutari
1208 638 1337 720 delient,

227 726 388 787 rationem
408 727 544 790 invenio
557 725 616 807 *))
646 744 715 788 onte
741 742 847 809 portas
867 730 972 787 statuit
1001 725 1077 789 duas
1095 726 1208 811 uirile-ic
1226 734 1339 809 species

225 811 353 871 aheneus
360 854 371 886 ,
402 812 461 872 Da·
482 818 604 894 magni,-
631 838 737 897 neque,
761 828 793 873 ut
813 810 917 893 volgus
936 827 1041 893 putat,
1071 812 1103 873 Iu'
1123 808 1338 875 Samothraces

78 867 99 965 ἱ,
226 895 292 969 Dii,
315 899 367 979 qui
382 893 489 958 Castor
500 913 529 957 et
544 897 669 960 Pollux.
716 896 792 957 Non
807 899 894 960 salos
910 911 1015 959 nutem
1029 896 1176 973 cannot,
1194 898 1259 958 -sed
1276 902 1336 959 Ca-

227 995 332 1039 stores
350 984 447 1041 etium
459 982 601 1066 Magnos
616 985 714 1044 Deos'
725 980 956 1059 inscriptiones
972 980 1134 1063 praebent,
1152 995 1185 1041 et
1202 984 1333 1064 saepius
1390 963 1391 1045 i

226 1065 409 1145 usuvenit,
431 1082 468 1125 ut
491 1067 566 1140 vix,
588 1068 655 1127 utri
678 1066 746 1127 sint
766 1063 991 1147 intelligendi,
1015 1065 1197 1129 discernere
1213 1088 1352 1147 qnem-

165 1153 176 1175 ¹
227 1144 494 1231 quemadmodum¹
521 1151 607 1233 apud
625 1150 781 1213 Clitorios
804 1150 892 1233 quod
916 1150 1024 1212 fanum
1050 1172 1117 1213 esse
1135 1167 1333 1213 memoratur

138 1269 143 1279 x
224 1227 443 1318 Διοςκοῦρων,
473 1236 668 1315 καλουμένων
691 1236 724 1301 di
745 1240 829 1301 θεῶν
851 1233 1004 1317 μεγάλων,
1036 1257 1053 1296 n
1078 1236 1213 1299 Pausan-
1237 1236 1332 1298 VIII.

95 1325 99 1333 “
223 1338 258 1398 Ρ·
276 1326 348 1386 639.
393 1319 456 1382 Sed
472 1321 599 1384 Cabiris
613 1342 653 1382 ne
671 1322 706 1382 in
725 1323 816 1381 coelo
831 1320 961 1403 quidem
977 1318 1245 1403 perTyndnridns
1264 1340 1332 1381 esse

223 1403 320 1463 licuit
336 1406 469 1487 qnietis,
486 1406 637 1489 nihilque
649 1404 784 1487 propius
801 1419 848 1468 est
865 1406 997 1481 faunus,
1016 1424 1108 1487 qnnm
1126 1420 1162 1463 ut
1177 1404 1218 1466 de
1232 1404 1330 1487 signo

225 1488 438 1563 Geminorum
452 1492 562 1551 coloni
578 1504 702 1554 veteres
719 1488 902 1571 proturbati
915 1494 1011 1571 plane
1026 1488 1261 1573 dejicerentur:
1278 1488 1331 1549 ad·

150 1587 154 1598 ·
222 1572 359 1634 fuerunt
373 1575 513 1657 injustae
538 1596 667 1637 caussae
680 1590 827 1637 suctores
843 1595 920 1635 sune
939 1594 1068 1657 graves,
1093 1574 1244 1640 Eratostir.
1262 1573 1328 1635 Ca-

221 1669 297 1719 tsst.
313 1660 388 1725 o.X.
404 1682 498 1745 quem
512 1662 652 1748 Hyginus
669 1660 1014 1742 paeneinterpretntur
1028 1660 1120 1721 Por‘s't.
1137 1660 1267 1721 Astron.
1283 1660 1325 1723 11.

222 1762 293 1823 cop.
308 1752 359 1813 22.
376 1760 411 1806 et
425 1744 535 1807 Caesar
559 1746 769 1808 Germanicus:
794 1759 832 1807 ut
857 1743 1093 1819 Tertullianum,
1119 1744 1272 1807 Isidorum
1296 1758 1326 1805 et

220 1829 304 1886 ulios
317 1831 472 1890 momenti
488 1831 625 1891 minoris
640 1844 845 1911 praeteream.
867 1863 870 1871 ¹
891 1826 957 1910 Qui
973 1850 1030 1911 pro
1048 1829 1124 1889 Diis
1141 1828 1326 1889 Stmothrc·

219 1910 314 1973 cibus
328 1931 554 2000 propugnent,
577 1916 628 1976 illi
643 1920 740 1999 longe
761 1913 891 1999 quidem
908 1914 1094 1995 partciores,
1117 1928 1167 1988 at,
1189 1914 1222 1974 si
1235 1934 1325 1994 pon-

219 1993 283 2055 dus
307 2001 460 2078 testium,
484 2022 555 2060 non
579 2022 765 2077 nnmerum,
797 2000 961 2075 aestimes,
985 1998 1115 2059 minime
1135 1998 1322 2079 spernendi,

221 2081 441 2164 Onomoeritus,
457 2086 528 2146 sire
541 2086 614 2165 quit
628 2085 711 2145 nlius
726 2083 943 2167 Orphicornm
960 2082 1323 2163 Hymnorum.scriptor

216 2169 362 2247 piarent,
389 2184 422 2231 et
448 2170 610 2251 Nigidius,
640 2168 869 2231 Antronomiae
896 2167 1016 2230 veteris
1047 2168 1322 2243 consultissimus,

216 2252 306 2323 apud
319 2254 424 2317 Sodroi.
445 2254 584 2318 German.
608 2252 727 2337 quibus
748 2252 921 2337 Arnpdium
944 2251 1086 2337 adjungo
1103 2252 1159 2313 lib.
1176 2254 1278 2317 Meu
1296 2276 1321 2317 c.

214 2334 279 2401 ΙΙΙ.
301 2337 357 2399 sed
378 2341 471 2403 utin
493 2339 633 2402 transitu
655 2339 715 2401 vix
737 2338 837 2425 digno
862 2337 1052 2402 beneficium
1074 2352 1179 2419 terren
1194 2334 1322 2399 demta·

114 2482 120 2507 1
213 2427 361 2485 maculas
378 2427 562 2489 conferam:
586 2423 720 2500 Gemini,
735 2428 795 2509 qui
812 2422 1019 2488 Samothraces
1042 2426 1235 2484 nominantur
1248 2448 1319 2499 esse,

211 2510 311 2587 (haec
335 2518 404 2597 ejus
421 2512 519 2574 aetati
534 2512 571 2571 in
592 2510 767 2573 bsrbcriern
783 2508 931 2591 vergenti
953 2505 1166 2567 condonanda
1181 2521 1230 2568 est
1249 2510 1318 2566 La-

211 2597 348 2674 ciuitas)
369 2622 493 2683 quorum
516 2612 719 2677 argumentum
741 2595 828 2679 nesae
847 2610 889 2655 est
903 2596 1096 2674 pronuntiare
1111 2608 1230 2673 praeter
1249 2618 1319 2671 eas,-

210 2681 302 2764 (aliis
313 2701 429 2765 praeter
442 2708 510 2763 eos,·
531 2680 597 2741 nisi
609 2682 701 2741 malis
714 2695 831 2763 praeter
848 2682 905 2753 eis,
929 2676 993 2737 hoc
1005 2690 1071 2753 est,
1096 2691 1317 2759 praeterquam

192 2766 276 2843 *iis,
302 2770 466 2850 quomodo
484 2788 552 2828 non
565 2786 638 2827 raro
660 2771 768 2827 solent
784 2762 904 2825 Latini·
924 2763 1136 2831 recentIores)
1158 2766 1212 2845 qui
1224 2767 1319 2825 initiis

210 2870 330 2941 praesto
345 2872 430 2919 runt.-
452 2854 539 2937 jusit
554 2872 614 2913 nos
636 2848 737 2915 Sciol.
755 2848 940 2923 Gemanici,
964 2866 1005 2908 ex
1028 2867 1093 2929 qun
1113 2848 1181 2909 fere
1198 2844 1318 2909 descri-

238 2954 305 3000 tum
332 2941 415 3001 illud
434 2938 570 3024 Ampelii
590 2952 688 3021 caput
713 2933 834 3016 corrigi
863 2930 1012 3013 pluribus
1033 2932 1069 2991 in
1088 2930 1171 2994 locis
1194 2948 1316 3011 potest.

211 2960 285 3086 i'os
300 3026 445 3088 henrice
466 3048 538 3087 cum
554 3018 754 3101 Tyndaridis
774 3018 903 3079 actione
921 3017 1066 3100 legitima
1089 3038 1156 3077 non
1173 3020 1318 3098 experie-

210 3132 384 3195 mur‚·pro
403 3128 548 3192 tempore
563 3106 734 3181 'contenti,
756 3102 786 3166 si
812 3103 889 3162 satis
909 3100 1011 3163 fuerit
1032 3100 1219 3184 probatum,
1243 3106 1317 3165 uut-

210 3199 276 3255 tam
297 3196 333 3257 in
350 3216 384 3257 se
397 3194 587 3258 temeritatis
606 3195 734 3274 culpem
749 3183 925 3270 suscepisse
940 3184 1066 3247 Sextmn
1079 3185 1167 3271 Emp.
1186 3186 1243 3269 qui
1262 3185 1317 3247 di-

139 3278 142 3289 '
210 3300 283 3341 cere
298 3302 364 3343 non
381 3280 504 3344 veritus
523 3277 570 3341 sit
582 3290 692 3359 reptos
707 3274 746 3335 sb
762 3273 803 3333 iis
819 3271 961 3333 honores
982 3273 1116 3335 alienos.
1161 3270 1258 3332 Nunc
1273 3270 1317 3332 ad

145 3416 149 3419 .
208 3362 354 3449 insignio
373 3367 513 3431 Lucieno
532 3359 778 3426 commemorata
799 3354 998 3422 revertimur.
1042 3356 1174 3437 Spicula
1190 3358 1316 3438 praefe-

208 3464 288 3508 runt
308 3449 421 3512 itidem
447 3449 569 3511 nummi
590 3463 625 3510 et
645 3457 854 3508 monumenta
872 3440 1034 3523 lepidumt
1057 3440 1097 3505 de
1113 3442 1205 3523 equit
1227 3439 1314 3505 olbis

207 3545 359 3596 notatum
373 3549 422 3597 est
434 3559 452 3596 a
467 3536 497 3596 J.
512 3536 649 3607 Davisio,
671 3528 745 3590 viro
760 3524 962 3603 doctissimo,
986 3524 1026 3587 ud
1042 3524 1134 3593 Cicer.
1151 3525 1191 3587 de
1204 3524 1246 3587 N.
1261 3526 1313 3591 D.

209 3616 256 3694 II,
273 3627 302 3685 2.
317 3642 349 3702 p.
369 3626 442 3690 105.
461 3620 560 3701 hujus
575 3618 674 3679 etiam
688 3612 756 3675 loci
771 3632 838 3673 non
854 3610 968 3674 oblito.
1011 3612 1040 3671 E
1062 3632 1121 3672 uon
1137 3611 1181 3674 iis
1195 3632 1212 3671 t
1225 3612 1315 3675 Mer·

209 3704 304 3765 curio
324 3705 518 3787 distributos
543 3702 741 3767 Sruichorum
765 3694 879 3757 docere
901 3693 1026 3767 Tertull.
1041 3634 1088 3757 de
1107 3692 1218 3777 Spect.
1234 3718 1262 3760 c.
1283 3704 1317 3765 9.

208 3788 338 3871 plenior
354 3811 399 3855 ex
422 3788 534 3855 eodem
555 3802 648 3866 vete,
671 3798 706 3849 et
722 3778 906 3845 nominibus
926 3796 1067 3866 quatuor
1080 3798 1240 3865 equorum
1255 3781 1317 3845 sd.

251 3965 289 4047 *)
308 3960 471 4025 Mutnndc
485 3976 552 4042 est,
575 3959 606 4021 si
620 3930 754 4023 Sentium
779 3954 893 4017 ducem
909 3952 1075 4035 sequimur
1096 3950 1138 4015 cd
1155 3950 1237 4017 Aen.
1251 3954 1316 4029 III,

294 4040 857 4218 iiq¹iiittzt⁰2.ss⁶.2‘ffi..⁰.ii'‘
879 4044 1318 4207 ii.t“t.¹’i²555.“5.¹.5³ft;

223 4322 229 4329 ,
292 4232 372 4305 ap.
391 4228 464 4292 103.
