2784 4767
182 392 259 463 W&
450 395 1025 452 sonorarrouas

103 547 115 586 ‘¹
184 547 307 620 τοιαῦθ’
323 545 399 631 ἧμῖν
417 551 478 626 tue
496 547 531 608 iu
548 546 712 630 plerisque
725 545 878 610 omnibus
900 534 1074 606 edd'veu.
1099 542 1297 627 interposite

186 659 234 706 cst
251 659 317 700 vox
331 630 529 717 ἀνθρώπους,
547 635 615 696 iere
628 633 945 708 siue‘articulo,cum
962 629 1099 691 articulo
1116 651 1192 690 vern
1208 647 1245 694 ut
1257 631 1297 690 in

188 723 260 796 ‘cod
277 721 348 784 Par.
360 727 474 797 2950„
499 720 544 779 ita
562 733 594 780 et
609 721 642 778 iu
657 716 730 781 edd.
748 715 820 781 did.
841 726 870 783 1.
888 729 920 776 et
934 724 963 782 2.
986 713 1057 776 Nec
1074 712 1184 796 potest
1195 715 1297 776 facile

187 827 310 891 negari,
330 807 451 889 requiri
469 805 652 880 articulum,
669 803 739 862 sive
752 807 838 899 depes
852 801 995 882 liuguae,
1021 799 1208 876 circinum,
1223 821 1297 882 spe·

189 908 264 952 ctes.
290 891 378 952 Haec
392 891 459 973 ipsa
475 909 551 949 vero
566 889 722 948 librorum
733 888 883 962 variatio,
895 883 936 947 sd
951 905 1046 966 quam
1060 882 1144 944 iliud
1157 883 1295 962 accedit,

151 1047 154 1054 Ι
189 975 278 1058 quod
294 979 327 1034 in
343 978 402 1036 iilo
419 976 490 1056 ipso
508 971 579 1037 cod.
597 974 669 1034 Par.
688 971 768 1037 haec
784 971 879 1030 verba
908 971 991 1044 alio,
1014 989 1051 1028 ac
1067 974 1222 1052 vulgato,
1244 990 1299 1031 or·

189 1059 268 1122 dine
281 1065 451 1142 leguntur:
476 1050 552 1122 ἄνθ’
569 1047 612 1125 cdv
625 1053 700 1140 ἡμῖν
713 1063 839 1121 τοιαῦτα
854 1060 914 1132 ζῶα
925 1051 997 1128 sodc
1008 1048 1195 1136 ἆνθρῶπους
1207 1057 1299 1120 luta·

189 1167 256 1221 σας,
270 1166 364 1228 quam
382 1131 510 1227 quidem
525 1142 682 1204 rationem
699 1162 765 1202 uon
782 1139 890 1217 video,
901 1159 967 1222 quo
982 1138 1079 1200 modo
1086 1137 1211 1200 Beliaus
1223 1161 1298 1208 sua,-

137 1247 146 1292 ,’
189 1231 313 1292 viorent
330 1233 460 1312 vulgata
471 1227 577 1291 dicere
594 1226 748 1310 potuerit,
761 1248 867 1309 quum·
877 1229 1013 1285 multum
1028 1223 1142 1284 habeat
1157 1227 1296 1309 languo-

188 1315 252 1386 ria;
276 1335 352 1398 ergo
369 1317 420 1374 vel
441 1311 519 1373 haec
535 1311 602 1392 ipsa
628 1312 767 1372 variatio
786 1311 848 1372 hoc
865 1308 1119 1371 additamentum
1142 1308 1214 1384 rode
1235 1305 1298 1375 ἆν-

163 1434 164 1440 1
188 1395 339 1482 θρώπους
360 1412 541 1482 suspectum
559 1396 684 1472 reddit;
707 1395 844 1456 necdum
867 1395 947 1456 adeo
963 1393 1001 1454 ab
1017 1415 1054 1454 ea
1070 1395 1230 1455 sententia
1247 1416 1298 1457 re·

190 1483 462 1566 cederetpossum,
486 1503 582 1564 quam
596 1480 676 1542 blim
693 1481 735 1542 de
753 1501 795 1544 ea
812 1501 892 1542 soce
914 1478 1093 1554 declaravi,
1175 1477 1300 1543 doldrm

189 1568 317 1630 scilicet
330 1571 400 1650 jure
414 1589 475 1629 suo
492 1565 545 1628 hic
560 1570 720 1652 glossema
732 1565 938 1647 suspicatum.
970 1559 1131 1644 Cupidius
1162 1567 1296 1627 ortassis

189 1654 266 1730 feci,
277 1651 364 1737 quod
381 1652 515 1714 omniuo
530 1654 623 1734 ejeci.
652 1651 736 1714 Nam
750 1650 834 1736 quod
848 1649 1063 1720 Schmiederus,
1073 1647 1129 1733 qui
1146 1649 1297 1732 alioquin

189 1754 277 1799 recte
292 1738 432 1798 restituit
448 1737 638 1813 articulum,
652 1737 704 1798 ‘ad
728 1735 883 1799 tuendum
907 1733 971 1797 hoc
987 1731 1243 1796 additamentum
1253 1734 1298 1799 ad

189 1821 287 1890 verba
303 1822 358 1882 ills
368 1823 473 1884 Proui.
489 1842 512 1884 s.
523 1821 620 1882 Cauc.
632 1843 659 1887 o.
668 1831 699 1890 3.
722 1823 823 1886 ἔπειτα
835 1821 868 1886 δὲ
882 1819 954 1896 τούς
967 1813 1156 1902 ἇνθρῶπους
1168 1814 1299 1886 drinio·

189 1927 261 1984 σας,
285 1902 517 1990 πανουργότατα
533 1912 609 1982 ζῶα,
632 1907 682 1972 καὶ
696 1901 822 1988 μάλιστά
842 1931 876 1990 ys
890 1901 944 1982 scic
957 1915 1119 1991 γυναῖκας,
1143 1919 1299 1986 tauquam

190 1990 323 2068 similia,
348 2005 520 2074 provocat,
545 1988 578 2049 id
595 1989 754 2071 ejusmodi
770 2005 836 2068 est,
859 2005 897 2052 ut
912 1992 980 2072 pari
996 1991 1066 2080 [uie
1082 1987 1177 2068 hinc,
1200 1990 1229 2050 si
1242 2013 1297 2054 re·

187 2077 248 2153 lis,
278 2073 470 2136 concludere
499 2095 622 2158 possis,
654 2077 689 2136 in
712 2073 746 2139 h.
766 2079 790 2140 l.
814 2089 960 2136 nostrum
985 2074 1174 2156 scriptorem
1198 2073 1298 2138 etiam

164 2157 361 2234 ’ἀνέπλασας
375 2180 431 2236 pro
455 2162 582 2236 ἔπλασας
602 2176 634 2224 et
654 2155 889 2246 πανουργότατα
910 2181 971 2244 pro
994 2166 1121 2227 τοιαῦτα
1141 2156 1295 2226 edidisse.

190 2245 295 2324 Cujus
307 2243 434 2328 quidem
450 2245 575 2328 generis
592 2246 751 2307 rationem
770 2249 916 2308 locorum
931 2245 1016 2308 iuter
1031 2261 1066 2308 se
1081 2243 1309 2307 conferendo»

109 2357 114 2366 =
188 2349 260 2390 rum
278 2327 358 2400 adeo
375 2327 518 2410 ineptam
533 2351 601 2393 csse
616 2329 770 2412 adparet,
794 2345 832 2391 ut
845 2326 1024 2394 mirandum
1039 2327 1093 2407 sit,
1118 2328 1175 2411 qui
1195 2335 1298 2414 Puppe

191 2411 226 2473 in
254 2413 392 2494 repetita
425 2413 628 2476 Bremeriana
661 2413 809 2478 editione
834 2428 961 2475 tantum
984 2413 1016 2476 ei
1038 2414 1136 2496 pretii
1158 2429 1300 2479 statuere

189 2498 345 2580 potuerit.
390 2497 540 2560 Nem-
561 2499 622 2561 Sed
652 2501 795 2582 sapienti
809 2499 876 2562 sat!
902 2499 1088 2582 speciosius
1110 2519 1187 2560 vero
1201 2497 1302 2585 «idem

129 2629 144 2647 .
193 2589 295 2666 Poppo
310 2598 437 2660 mouet,
463 2585 703 2666 perspicuitatis
726 2605 837 2646 caussa
852 2583 1070 2649 necessarium
1084 2605 1152 2646 esse
1168 2580 1301 2666 ἆνθρῶ-

177 2693 278 2744 κους.
324 2669 365 2728 At
388 2665 553 2751 quidhoc
577 2667 646 2730 sit?
677 2667 976 2748 Prometheumue,'
994 2668 1178 2730 audientem
1201 2671 1298 2734 iovis

63 2815 68 2832 ,
188 2759 314 2820 τοιαῦτα
331 2758 406 2832 (oio,
429 2773 494 2814 nou
516 2755 680 2836 potuisse,
704 2753 786 2838 quid
800 2754 857 2816 ille
871 2753 934 2815 sibi
950 2758 1067 2832 vellet,
1089 2754 1300 2838 perspicere?

190 2860 232 2900 en
248 2841 416 2915 lectorem,
438 2837 601 2918 mphieae
617 2837 716 2923 hujus
730 2838 928 2901 narrationis
941 2835 1163 2923 ignotiorem?
1208 2837 1301 2902 Illud

189 2922 313 3006 nemini
337 2923 433 2986 facile
450 2923 483 2984 in
502 2937 639 2986 mentem
656 2924 782 2995 verterit
795 2921 933 3003 credere,
949 2924 1015 2985 nisi
1030 2923 1087 3008 qui
1105 2945 1234 3008 prorsus
1250 2925 1300 2988 sit

189 3007 360 3090 stupidus,
382 3016 524 3072 versure
540 3029 696 3092 personae
713 3010 750 3068 in
767 3009 919 3072 omuibus
933 3024 1040 3072 tenax.
1084 3011 1198 3072 Restat
1216 3015 1301 3074 alte-

188 3114 279 3168 rum,
303 3093 354 3154 de‘¹
369 3115 434 3174 quo
455 3093 536 3152 mihi
559 3093 689 3177 quidem
714 3115 784 3155 uon
805 3093 911 3155 minus
934 3107 1020 3157 certa
1047 3110 1095 3157 est
1118 3095 1300 3178 persuasio.

189 3178 282 3240 Nolo
298 3181 450 3239 lectorem
464 3197 594 3260 ponere,
611 3177 759 3260 quiante
775 3176 865 3239 hunc
881 3177 1046 3264 dialogum
1061 3180 1177 3264 legerit
1198 3202 1302 3262 supe-

191 3263 329 3340 riorem,
354 3261 407 3325 cui
422 3281 539 3323 nomen
556 3261 765 3325 Prometheus
782 3285 808 3325 s.
826 3263 1002 3340 Caucasus,
1014 3269 1077 3346 vvel
1093 3265 1305 3329 remotiorem

149 3423 150 3428 η
193 3345 285 3406 iilum
297 3350 328 3408 in
341 3347 650 3429 eum'conscriptutnt
672 3351 726 3431 qui
739 3347 880 3412 dianas:
905 3349 1093 3421 Prometheus
1101 3345 1131 3411 ss
1146 3352 1178 3410 iu
1190 3349 1302 3419 undis.

194 3429 258 3492 Sed
273 3437 368 3493 talem
384 3451 555 3514 possumus
570 3429 734 3517 cogitare,
757 3448 854 3516 atque
874 3429 955 3496 adso
972 3433 1141 3512 debemus,
1163 3435 1232 3496 sive
1246 3457 1304 3498 ae·

93 3519 98 3529 “
195 3520 324 3597 qualem
340 3515 488 3594 Lucinas,
512 3517 581 3579 sive
597 3528 638 3580 et'r
652 3518 791 3600 posteris
810 3522 880 3601 ejus
898 3521 1123 3602 quemcunque
1142 3503 1310 3603 voiusris5

195 3601 412 3683 cui'vuigares
430 3601 571 3663 Graecae
582 3599 784 3685 Theologiae
799 3601 928 3665 fabulae
937 3625 978 3666 ex
996 3603 1205 3666 institutione
1219 3625 1304 3688 pue·

194 3683 267 3746 rilis
281 3687 397 3746 aetatis
415 3691 499 3748 vele
527 3687 671 3748 lectione
693 3686 881 3774 principum
905 3695 1074 3771 poetarum
1096 3687 1305 3770 seimytho·

126 3837 129 3844 Ι
195 3769 391 3852 graphorum
420 3781 552 3833 eatenus
583 3775 696 3854 siitem
724 3771 958 3852 innumerum,
995 3787 1053 3850 ut,
1088 3793 1188 3859 quum
1217 3775 1325 3860 iegit'

194 3853 380 3921 Reuehat
411 3852 506 3922 teste
527 3883 581 3941 με,
612 3847 639 3923 d
653 3863 737 3939 Zeti,
765 3858 839 3923 sine
855 3880 946 3922 mora
964 3855 1149 3943 intelligere
1173 3853 1303 3939 salestj

196 3938 275 4082 qnid
291 3939 482 4004 Prometheo
492 3941 663 4022 acciderit,
688 3941 834 4028 quidque
845 3960 942 4008 autes
955 3943 983 4005 is
996 3945 1193 4026 patraverit;
1217 3944 1304 4028 quid

219 4024 335 4111 cuique
349 4030 411 4110 jem
429 4025 498 4110 ipse
511 4043 595 4112 agat.
638 4028 730 4092 Idem
745 4051 823 4092 sero
837 4035 957 4109 lector,
979 4029 1047 4088 uisi
1063 4031 1176 4113 fallor,
1200 4031 1303 4092 etiam

195 4108 251 4170 illa
267 4118 393 4177 τοιαῦτα
405 4116 465 4188 ζῶα
480 4117 634 4196 quaenam
651 4115 719 4176 sint
731 4128 766 4180 et
781 4115 899 4198 qualis,
913 4115 974 4177 rix
990 4112 1309 4198 poteritsuspensnc

160 4247 166 4260 .
193 4192 339 4287 inurere..
381 4193 467 4265 Nam
486 4219 594 4286 usquc
608 4197 701 4285 plebi
717 4198 914 4284 iucpttiori,
933 4197 1161 4288 aequepetiam
1181 4201 1302 4292 tironif
