2784 4767
205 403 282 493 36⁰
399 382 1045 502 ¹souorarrariaa
1166 393 1169 402 '

162 634 170 639 ,
209 558 375 634 Goldnstus
387 558 568 627 emendaret
579 563 614 623 in
630 554 774 625 Dositheo
796 581 827 641 p.
844 560 917 627 875.
941 558 1082 622 Homer.
1123 554 1222 636 Haud
1240 580 1317 621 raro

117 695 121 716 t
209 654 290 716 haee
322 645 633 731 Pictaquamperfecti
658 648 761 707 forma
794 645 891 707 etiam
912 642 999 725 opud
1024 644 1168 705 Nostrum
1195 644 1316 707 obvia:

211 739 441 807 καταδεδίκαστο
457 734 541 797 Tim.
551 739 637 799 nte.
655 727 873 816 συγκεκρότηεο
887 731 1111 797 Toxar.c.13.
1128 726 1322 795 inmutari.

212 851 261 891 aas
278 821 357 881 ibid.
372 842 398 879 c.
416 828 467 886 27.
490 812 691 899 ἀποκεκάρκει
708 812 785 879 ibid
809 835 834 877 c.
860 818 912 883 51.
944 808 1134 897 μεμηχάνητο
1155 814 1266 875 Somn.
1289 836 1319 877 s.

215 912 299 972 Gall.
315 929 342 965 c.
357 914 387 973 8.
409 900 640 983 ἐντετυχήκεσαν
659 899 805 981 Philops.
827 906 921 965 c.17.
944 900 972 961 si
991 920 1066 959 vera
1088 898 1198 961 lectio.
1223 923 1323 965 συνα.

215 990 418 1071 ποὸεδημήκεε
433 988 536 1048 Dian.
552 988 649 1049 Merr.
659 984 718 1055 IX.
741 992 769 1050 1.
784 997 816 1045 et
830 1004 912 1066 quae
928 982 1071 1043 nondum
1088 982 1325 1046 adnotaveram

215 1080 373 1157 exempla.
418 1075 517 1135 Dare
531 1084 641 1131 monet
660 1067 862 1145 {sialandiae
885 1083 985 1129 totana
1000 1068 1085 1127 hanc
1099 1070 1326 1131 narrationem

216 1160 427 1242 compositam
442 1154 545 1217 videri
568 1153 609 1214 nd
631 1154 788 1235 picturam
812 1154 969 1236 aliquam,
999 1173 1082 1234 quae
1107 1155 1233 1214 auctori
1259 1154 1328 1213 ob-

215 1262 343 1309 versata
361 1241 471 1305 fuerit.
516 1240 584 1299 Vix
598 1237 705 1299 credo.
750 1238 815 1299 Res
831 1239 901 1320 ipsa
917 1258 989 1299 eum
1003 1235 1157 1319 adduxit.
1180 1252 1219 1297 nt
1233 1240 1328 1299 vrvi-

124 1390 130 1403 ,
217 1330 366 1391 dioribus
380 1324 543 1387 coloribus
556 1344 682 1385 scenam
696 1323 786 1387 iilam
799 1320 961 1404 explendo
978 1335 1160 1396 exornaret,
1184 1344 1251 1403 quo
1266 1325 1286 1387 J
1290 1348 1329 1382 u.

119 1408 134 1445 ’·
217 1413 316 1477 nonis
332 1410 515 1491 malignitas
533 1409 567 1467 in
587 1409 740 1469 Venerem
764 1408 861 1469 modo
883 1403 1013 1486 prodita
1038 1406 1144 1467 acrius
1166 1427 1332 1492 pungere·

217 1514 283 1561 tur.
332 1496 449 1576 Neque
474 1508 538 1553 tam
562 1493 659 1573 inops
689 1492 755 1553 fuir
778 1491 905 1575 ingenii
934 1491 1072 1573 scriptor
1095 1504 1208 1569 noster,
1242 1493 1330 1575 quin

218 1579 410 1667 phantasiae
425 1598 502 1638 auae
517 1598 580 1659 ope
594 1576 840 1655 illamtabulam
864 1577 934 1656 ipse
956 1577 1144 1659 excogitare
1167 1580 1329 1657 potuerit.

219 1670 271 1741 Ao
288 1667 503 1727 veronullam
519 1662 597 1723 huic
614 1660 817 1723 inventionis
831 1659 958 1722 landem
983 1660 1178 1737 tribuamu'a,
1204 1676 1236 1723 et
1258 1684 1330 1725 me·

129 1754 132 1759 ’
220 1756 321 1814 ritum
340 1748 519 1831 elusomne
535 1744 575 1807 ad
590 1760 691 1807 artem
708 1744 885 1827 colligendi
901 1760 932 1805 et
953 1743 1172 1829 componendi
1193 1750 1332 1821 restrin-

180 1908 185 1918 Ο
221 1834 359 1929 gamus?
407 1832 450 1893 At
462 1831 509 1891 sic
521 1852 651 1907 vereor,
675 1852 718 1892 ne
734 1830 828 1899 valdo
841 1829 958 1911 injurii
971 1829 1071 1890 simus
1084 1830 1188 1889 futuri
1207 1831 1240 1909 in
1257 1832 1333 1893 Va..

222 1942 276 1985 rae
294 1916 469 1994 Historiae,
491 1916 742 1998 Icaromenippi‚
765 1930 826 1976 etc.
849 1928 1013 1976 auctorem
1029 1913 1331 1999 ingeniosissimum

225 2026 262 2067 ac
277 2000 577 2066 foecundissimum.
619 2001 660 2063 In
674 2000 764 2064 hunc
783 1998 852 2063 fere
872 1996 1002 2059 modum
1026 2000 1123 2061 etiam
1147 2002 1332 2063 Tiemannus

227 2087 349 2149 ‘udicat
377 2087 414 2150 in
436 2086 548 2147 libello
578 2083 665 2146 hand
693 2081 947 2147 contemnendo:
985 2082 1052 2143 Ein
1079 2086 1224 2149 Veranch
1250 2086 1333 2149 iiber

224 2110 383 2239 iunciun’s
400 2192 431 2233 v.
446 2170 566 2233 Samot.
581 2168 772 2251 Philosoph.
792 2192 824 2231 u.
839 2168 908 2250 Spr.
925 2188 957 2251 p.
980 2176 1052 2235 122.
1069 2190 1119 2251 sq.
1142 2161 1263 2241 [ianm.

313 2254 391 2321 End·
414 2260 502 2321 1.10.
536 2254 592 2335 Νὴ
614 2256 679 2323 aui
701 2252 817 2339 σύγε]
841 2252 993 2315 Correxit
1007 2252 1111 2337 Pcppo
1137 2256 1217 2333 Nat,
1241 2254 1337 2337 quod

170 2384 180 2407 0
227 2346 293 2428 jam
308 2338 471 2427 Sayboldus
492 2340 626 2403 fecerat.
669 2338 760 2401 Novi
782 2336 915 2422 quidem
939 2336 1021 2400 illud
1042 2332 1336 2403 Grammaticorum

228 2441 457 2511 praeceptum,
497 2424 585 2508 quod
605 2422 834 2509 Popponamad
861 2420 925 2484 hoc
944 2422 1267 2507 consilium'ndegit,
1300 2442 1339 2487 et

230 2512 318 2573 idem
339 2512 370 2571 ei
393 2508 578 2583 subscribo,
620 2508 810 2575 confirmato
833 2507 959 2569 scilicet
978 2508 1179 2589 optimorum
1195 2513 1338 2594 scripto·

230 2618 302 2659 rum
327 2596 538 2658 auctoritates
567 2593 607 2675 νὴ
626 2592 761 2653 nonnisi
787 2614 858 2655 cum
880 2592 1012 2653 nomine
1035 2594 1239 2657 substantivo
1262 2602 1343 2675 jun.

193 2742 197 2749 ,
232 2696 339 2757 ctum,
362 2701 524 2762 nunquam
541 2678 705 2755 absolute,
729 2676 885 2760 urnrpari.
930 2677 1112 2741 Vid'inter
1129 2681 1212 2740 alios
1238 2682 1341 2764 Vrge-

235 2790 300 2829 rum
316 2762 355 2825 de
372 2763 486 2825 Idiott.
502 2786 533 2845 p.
551 2772 624 2833 424.
644 2763 751 2823 Herm.
773 2762 823 2825 ed.
842 2770 872 2830 1.
917 2762 980 2827 Sed
997 2762 1074 2847 quid
1091 2764 1246 2845 impedit,
1271 2788 1339 2848 quo

235 2851 344 2911 minus
366 2849 569 2911 decurtatum
594 2846 757 2931 quoddam
789 2847 1012 2931 jusjurandum
1033 2862 1229 2927 statuamus,
1270 2872 1341 2933 qno

236 2933 428 3020 posterioris
442 2934 633 2995 Graecitatis
649 2932 799 2995 homines
820 2934 854 2992 in
880 2933 1008 3025 vulgari
1034 2935 1171 2995 maximo
1190 2955 1343 3013 sermono

237 3018 290 3080 usi
313 3017 462 3080 fuerint?
493 3018 631 3099 huncio
652 3016 801 3079 modum:
831 3016 871 3099 νὴ
896 3018 978 3097 (int.
1002 3014 1055 3083 adu
1078 3022 1157 3096 Δία)
1179 3022 1232 3083 καὶ
1252 3018 1344 3104 σύγε.

239 3103 337 3165 Certe
354 3117 509 3187 quatuor,
534 3124 617 3186 quac
631 3124 719 3161 nunc
744 3100 872 3183 quidem
893 3102 975 3163 mihi
998 3116 1076 3163 nota
1098 3116 1191 3183 sunt,
1221 3105 1346 3166 horum

238 3187 397 3251 librorum
417 3190 506 3265 loca,
530 3187 589 3248 nbi
611 3200 698 3249 certa
721 3202 770 3247 est
789 3202 823 3249 et
842 3202 993 3247 constane
1013 3189 1159 3249 omnium
1179 3194 1348 3273 exempla·

239 3270 502 3350 rium'scriptura
515 3270 555 3353 νὴ
569 3273 624 3337 uui
637 3266 724 3355 cripe,
747 3271 978 3333 scilicethunc
999 3288 1161 3349 nostrum,
1192 3289 1259 3336 tum
1284 3274 1347 3335 Ti·

170 3420 173 3427 ,
212 3422 216 3429 ,
239 3376 328 3421 anon.
344 3362 431 3423 c.46.
449 3354 822 3433 Diau.Deor.xx11,1.
838 3372 870 3417 et
884 3356 985 3423 Diali.
1001 3358 1120 3421 Mortt.
1131 3358 1203 3434 XX,
1219 3368 1270 3431 3..
1294 3360 1348 3419 sic

240 3440 358 3501 leviter
382 3440 418 3500 in
439 3442 575 3523 gratiam
595 3441 694 3501 modo
716 3441 1002 3503 Grammaticorum
1022 3456 1160 3517 mutare.
1190 3444 1351 3530 religioni

240 3524 410 3587 habebam.
458 3522 619 3585 Caveatur
638 3523 756 3603 modo,
786 3548 827 3587 ne
843 3527 1003 3611 particula
1029 3524 1070 3608 νὴ
1092 3548 1151 3609 pro
1175 3528 1351 3611 Praeposi-

244 3609 354 3685 tione,
376 3609 508 3691 proprie
521 3610 693 3687 aiodian,
715 3626 875 3688 sumatur,
898 3626 933 3671 st
955 3626 1077 3673 remota
1095 3618 1160 3693 jam
1179 3615 1243 3675 orit
1266 3635 1351 3699 gra·-

245 3693 379 3757 vissinaa
393 3714 498 3759 novae
510 3693 655 3777 hujua,si
666 3694 746 3755 Diis
759 3698 876 3778 placet,
887 3696 1049 3779 Ellipseoa
1067 3696 1201 3763 offensa.
1222 3700 1347 3760 quat.

333 3780 411 3863 fagr
424 3783 516 3848 6701.
532 3790 569 3849 8:
590 3776 651 3844 Τὸν
676 3770 777 3845 ἆθλον
796 3788 881 3858 etc.)
910 3780 1021 3843 Scriba
1042 3789 1101 3847 rori
1115 3783 1148 3847 di
1170 3778 1292 3868 ἀγῶνος
1314 3780 1347 3846 ri

246 3856 347 3929 ἆθλον
362 3868 433 3953 ἔσῃ,
451 3869 616 3946 praemium
631 3870 800 3927 certaminis
815 3870 889 3944 erit,
913 3886 980 3929 uon
993 3863 1047 3932 τὸν
1059 3857 1176 3932 ἆθλον·
1200 3884 1239 3929 ut
1261 3882 1346 3931 recte

248 3949 284 4011 io
300 3948 398 4009 initio
418 3946 518 4031 hujus
540 3948 663 4034 dialogi
684 3950 839 4032 scriptum
861 3966 918 4015 est.
963 3948 1041 4015 Vid.
1064 3954 1287 4034 quaenotavi
1308 3948 1348 4011 ad

250 4034 471 4097 Soloecintam.
505 4035 643 4099 Gnanv.
690 4032 733 4101 Τὸ
753 4025 852 4101 ἆθλον
878 4036 921 4098 L.
939 4050 975 4101 et
994 4036 1059 4100 Ox.
1083 4036 1163 4102 Man.
1186 4052 1221 4098 et
1243 4036 1296 4101 ed.
1319 4032 1350 4096 J.

249 4118 378 4181 Soceri.
420 4118 446 4177 F
447 4116 618 4181 estinando
634 4118 777 4184 Graevius
792 4122 980 4183 interrorem
996 4118 1115 4187 incidit
1129 4122 1273 4186 scribens
1287 4124 1355 4205 ἔσῃ,

250 4219 283 4265 et
298 4202 518 4289 incogitantsr
531 4204 773 4287 interpretatus.
794 4206 934 4273 Hausr.
