2784 4767
342 348 411 448 xrrr
437 394 676 454 urssueos
702 394 904 451 unonurr.
1111 376 1186 452 trs
1253 442 1261 465 ,

80 564 133 613 cet
150 541 333 609 adfirmanti
350 542 511 606 Herodoto
532 542 578 621 Π,
605 549 676 612 145.
716 564 788 605 cum
814 560 926 605 contra
946 543 1185 627 Aegyptiorum

82 632 328 717 antiquissimus
347 643 431 691 esset
445 629 534 707 Pan,
553 629 605 693 scol
630 634 693 693 coia
709 627 787 694 dacor
799 635 858 695 coin
872 620 1000 713 νὶρῶτων
1014 632 1186 714 λεγομένων
1236 657 1237 669 ’

79 726 186 785 θεῶν·
208 731 241 779 et
256 712 427 778 Herodorus
437 712 588 797 quidem,
622 714 680 796 qui
704 714 814 777 studio
840 715 1011 776 vetustatis
1031 712 1184 793 ¹barbaris

82 804 236 867 adversus
250 802 390 863 Graecos
405 818 500 881 saepe
513 798 633 860 favisse
652 794 926 881 deprehenditur,
951 799 1067 882 quanti
1088 801 1188 861 Deo-

82 910 154 952 rum
169 886 293 949 huncce
304 884 518 947 novissimum
534 882 757 959 recedebant
774 884 908 947 obscure
926 884 1068 948 declarat
1080 906 1106 945 c.
1116 892 1186 953 146.

78 976 137 1048 arel
156 967 261 1048 Πανός
273 997 307 1057 ys
320 972 391 1055 sript
404 966 461 1035 ode
473 970 595 1051 ἔχουσιν
614 972 711 1033 εἰπεῖν
728 965 951 1051 (οἶἝλληνες)
966 966 1026 1053 ὅπη
1044 966 1188 1053 ἐτράπετο
1247 1026 1251 1039 .

81 1056 264 1144 γενόμενος·
291 1054 471 1117 mirandum
491 1075 584 1133 sane,
606 1054 845 1139 fabulamfaljas
861 1054 1072 1138 excogitandi
1095 1052 1189 1139 quid·

83 1145 134 1205 vis
150 1139 435 1203 foecundissimatn
448 1138 508 1199 hac
522 1139 558 1199 in
575 1153 667 1221 parte
687 1137 883 1202 claudicare:
907 1140 1120 1201 Athenienses
1137 1154 1190 1199 ta-

83 1248 174 1306 men,
199 1223 372 1287 dummodo
386 1225 430 1284 sit
445 1224 590 1284 isteFan
616 1222 721 1302 idem,
745 1223 803 1305 qui
823 1237 952 1303 noster,
976 1224 1064 1306 quod
1089 1221 1189 1283 dubi-

83 1328 153 1374 tare
167 1315 348 1373 nonnullos
364 1308 454 1385 scio,
479 1308 552 1391 quis
569 1322 651 1371 essct
665 1328 825 1389 quamque
840 1308 988 1378 salutaris
1004 1307 1090 1391 apud
1106 1310 1188 1369 Ma·
1234 1377 1237 1385 Ι

84 1396 253 1470 rathonem
281 1392 428 1475 adjutor,
464 1390 552 1453 haud
584 1393 705 1476 ingrati
735 1392 944 1455 didicerunt„
1023 1408 1035 1455 t
1067 1391 1187 1475 grande
1294 1392 1298 1402 ’

84 1481 446 1560 montiselusarcanum
466 1476 792 1560 patuit‘demumaub
816 1478 990 1557 imperator
1030 1468 1187 1559 Tiberio:
1252 1473 1254 1480 ’

85 1585 158 1628 cunr
174 1564 261 1625 enim
277 1583 318 1623 err
331 1561 438 1622 insula
453 1562 551 1622 Panis
566 1558 678 1622 audita
695 1581 763 1622 vorr
778 1577 860 1625 esset
868 1608 878 1638 ‚
903 1568 1051 1644 magnum
1077 1582 1185 1637 *anem
1246 1602 1251 1612 .

85 1642 327 1731 obiisse,caqne
345 1648 542 1707 res‘llornarn
556 1652 654 1708 relata
670 1660 861 1710 cunctorum
878 1646 1002 1721 animos
1017 1644 1187 1729 ipsiusque
1295 1688 1298 1693 ·

85 1732 217 1799 Tiberii
230 1730 440 1805 advertisset,
461 1732 645 1822 philologi,
669 1747 832 1792 momento
856 1730 1062 1813 gravissimae
1089 1750 1186 1811 quae-

86 1818 205 1883 stionis
220 1834 380 1897 expenso,
406 1821 647 1899 conjectatunt,
671 1815 761 1875 hunc
777 1834 847 1877 esse
864 1804 1022 1877 Mercurii
1037 1828 1070 1877 et
1084 1814 1187 1878 Pene.

85 1908 177 1989 lopcs
195 1899 297 1961 filium
306 1926 317 1978 ς
338 1912 376 1959 ut
390 1902 490 1963 refert
497 1900 651 1963 Plnarct.
667 1898 706 1963 de
724 1898 818 1962 Orac.
834 1901 965 1961 Defect.
981 1906 1094 1981 p-ste.
1117 1898 1187 1960 No·

87 1993 121 2051 lo
147 1983 360 2073 sagacissimis
378 1983 566 2046 homiuibus
588 1985 769 2061 adversari,
800 1985 928 2047 tametsi
950 2005 1011 2067 qua
1033 1986 1184 2063 fortuna,

88 2068 403 2157 quoreconailioin
418 2072 542 2148 Paxos,
573 2070 713 2132 Arcadia
734 2070 866 2148 relicta,
898 2069 1066 2131 devenerit
1088 2068 1185 2131 mori·
1213 2118 1217 2130 ,

83 2154 215 2247 leundas
236 2154 322 2231 Pan,
345 2146 497 2238 ignorare
517 2176 568 2217 me
588 2155 711 2239 fatear,
734 2153 798 2216 nisi
819 2152 906 2241 quod
930 2154 1064 2215 desertis
1085 2154 1185 2227 loeis,

88 2258 120 2304 at
144 2258 187 2302 ue
211 2238 330 2299 insulis
354 2240 471 2317 etism,
504 2262 576 2303 eunt
604 2240 699 2301 valde
721 2238 913 2302 delectatum
933 2239 1036 2301 fuisse
1061 2240 1185 2302 ferant:
1230 2284 1232 2301 .

87 2263 165 2388 ride
177 2321 319 2407 Aeschyl.
331 2322 418 2389 Pers.
433 2346 465 2385 ν.
482 2330 557 2393 447.
572 2339 605 2387 et
627 2322 734 2386 Schol.
782 2325 849 2387 Cur
869 2338 975 2389 autem
996 2318 1190 2407 κεραςφόρος

88 2411 191 2473 luerit
204 2425 236 2469 et
248 2406 458 2493 τραγοσκελὴς,
481 2408 649 2471 commoda
664 2414 760 2489 plene
776 2430 886 2469 caussa
902 2424 969 2487 est,
994 2422 1027 2469 et
1040 2405 1188 2491 probabi·

88 2497 154 2573 lis,
178 2514 271 2577 quam
295 2514 314 2551 a
329 2510 430 2555 matre
452 2508 615 2576 acceptam
636 2492 804 2555 Mercurio
825 2492 909 2575 patri
931 2497 1084 2581 exponit:
1108 2490 1188 2564 hace

88 2581 191 2664 ligura
206 2576 371 2661 Aegyptio
384 2582 477 2661 juxta
492 2592 525 2640 et
549 2592 662 2639 nostro
682 2576 765 2638 Pani
789 2578 966 2639 communis
972 2600 985 2657 3
1015 2592 1189 2659 utrumque
1269 2628 1272 2635 .

90 2664 178 2727 eninr
192 2660 348 2747 γράφουσί
360 2686 391 2728 τε
402 2662 500 2745 δήκαὶ
513 2660 666 2748 γλύφουσι
678 2658 910 2747 αἰγοπρόςωπον
924 2665 977 2727 cel
983 2661 1190 2746 τραγοσκελέα,

88 2763 173 2813 teste
195 2745 350 2827 Herodoto
371 2747 419 2819 II,
441 2756 492 2816 46.
516 2752 677 2833 talemque
701 2748 840 2829 carmine
867 2744 1016 2829 depinxit
1039 2746 1095 2813 Sil.
1115 2744 1188 2807 Ital.

88 2832 188 2907 xm,
209 2839 283 2901 326.
328 2831 418 2893 Hine
438 2834 506 2893 Pan
527 2832 653 2914 δικέρως
673 2829 834 2916 Thespidi
857 2830 1066 2915 Tragicorurn
1091 2843 1193 2891 retu·-

90 2918 233 2981 stissimo
249 2913 334 2999 apud
350 2914 439 2997 Glem.
456 2914 555 2979 Alex.
581 2916 696 2977 Strom.
718 2916 759 2976 V.
782 2923 904 2998 1³·370·
924 2916 970 2977 D.
995 2930 1028 2976 at
1047 2929 1084 2975 tu
1107 2912 1192 2975 The·

90 3002 222 3087 spidem·
232 3000 367 3061 observa
382 2999 595 3087 quadraginta
610 3004 664 3062 vel
684 3000 922 3088 qninquaginta
946 3000 1112 3061 minimum
1136 3018 1191 3057 an·
1277 3035 1284 3063 r

90 3090 143 3150 nis
166 3106 306 3170 pugnam
322 3086 564 3146 Marathoniam
578 3086 808 3169 praecessisse,
837 3100 913 3172 ppst
937 3106 1031 3170 quarn
1054 3084 1192 3167 primum

90 3172 261 3257 cognitur,
286 3186 318 3231 ct
339 3170 374 3230 in
389 3170 555 3231 civitatem
579 3170 802 3253 familiamque
829 3172 978 3232 Deorum
1000 3166 1193 3229 numerosis·

89 3261 203 3322 simam
226 3254 263 3315 ab
279 3254 532 3316 Atheniensibus
558 3254 703 3316 adscitus
719 3255 787 3315 fuit
802 3254 883 3316 Pan:
907 3258 958 3317 rel
973 3254 1112 3335 Thespis
1127 3250 1195 3337 igt-

91 3360 147 3408 tut
167 3344 249 3403 ritus
277 3340 313 3400 iu
334 3338 474 3400 Arcadia
504 3342 656 3400 solennes
682 3338 869 3423 descripsit,
898 3342 951 3403 vel
979 3338 1108 3402 fabulae
1131 3332 1195 3418 ipsi

92 3426 235 3493 triburas
257 3426 374 3486 falsum
389 3444 508 3485 nomen
528 3423 788 3502 mentiebantur,
819 3424 908 3507 quod
926 3424 1035 3487 voluit
1058 3422 1109 3483 vir
1130 3442 1196 3504 pra·

93 3513 213 3574 rrimus.
257 3505 435 3594 Κερνβᾶτου
454 3508 649 3571 vocabulum
671 3507 713 3571 ad
734 3524 832 3593 ceput
853 3510 949 3572 Panis
970 3514 1011 3569 a'u
1034 3506 1075 3570 sd
1098 3504 1196 3590 pe'der

92 3598 271 3683 pertineat,
305 3616 464 3681 quamque
494 3594 649 3656 virtutem
669 3592 786 3658 habeat
803 3595 990 3681 propriam,
1016 3589 1111 3656 valde
1133 3588 1196 3651 dis·

94 3683 241 3744 sentiunt
261 3677 485 3758 Grammatici,
516 3700 599 3763 quos
621 3686 692 3766 legs
712 3678 753 3741 ad
779 3681 937 3762 Aristoph.
961 3680 1045 3761 Plani
1067 3700 1098 3741 ν.
1121 3682 1195 3744 232·

96 3786 158 3849 ego
173 3765 357 3849 cornipedem
365 3763 498 3826 reddere
510 3784 576 3829 non
593 3786 720 3830 verear:
745 3764 868 3827 excidit
885 3766 1198 3846 Etymologo,quenr

95 3851 156 3912 vix
171 3865 235 3924 est,
259 3867 296 3909 ur
310 3850 494 3934 intelligas,
515 3849 581 3909 nisi
594 3850 775 3933 reposuerit
792 3872 826 3933 p.
844 3854 917 3918 504.
933 3870 963 3915 ν.
981 3856 1012 3917 2.
1058 3840 1199 3929 Κεροβᾶ·

96 3931 190 4018 rand
205 3932 243 3997 cri
260 3930 506 4021 deperderetur
521 3932 618 4020 ipsun
630 3930 746 4019 βαίνων
760 3948 820 4003 etc.
842 3928 1055 4017 ἀρρῶνυξρρῐὶ
1071 3932 1201 3993 ratione

99 4023 245 4106 Dionysio
255 4020 384 4103 Perieg.
398 4041 430 4085 ν.
447 4025 520 4089 995.
541 4021 597 4081 ubi
614 4012 728 4081 itidem
745 4014 856 4081 nescio
877 4016 955 4105 q'uid
971 4014 1152 4085 Sedolicsres
1169 4026 1201 4075 et

97 4106 275 4168 Eustatlrius
294 4106 461 4166 tricentur.
504 4105 597 4168 Plato
621 4102 761 4189 superne
775 4105 947 4191 glabellum
962 4102 1060 4180 feeit,
1083 4098 1200 4187 qualis,

99 4188 258 4252 inferiore
274 4192 387 4251 saltem
398 4191 545 4275 corporis
560 4206 652 4277 parte
667 4189 811 4269 obtecta,
834 4194 887 4255 rel
901 4190 1084 4271 Penelopae
1098 4188 1202 4270 placc-
