2784 4767
217 369 300 448 440
376 366 419 457 »ζ
490 344 1067 439 cenomanos„

222 534 385 621 adnepos
394 523 449 599 rei
461 518 690 618 induresceret?
702 528 939 600 sceneos-Poll.
949 530 1046 613 VIII,
1061 536 1115 623 85.
1135 539 1191 605 89.
1211 546 1339 599 eornm·

145 665 152 679 .
224 646 289 709 que
306 617 381 706 ἇρχή
397 616 570 702 ἐπώνυμος,
594 632 650 679 aut
664 616 855 701 simpliciter
870 610 892 697 ἦ
907 614 1078 702 ἐκώνυμρς·
1103 621 1339 703 quamformu·
1384 657 1386 730 p

222 714 288 775 lam
305 706 460 791 loquendi
474 716 717 789 peropportune
733 700 850 764 Graeci
865 702 1039 784 scriptores
1055 702 1095 765 ad
1109 726 1160 766 res
1172 703 1338 769 Romanas
1385 751 1386 754 η

224 797 476 869 transtulerunt:
501 790 656 875 quonIpm
671 787 760 859 enirn
774 786 932 849 Consules
949 786 1057 869 etiam,
1074 802 1113 851 nt
1125 788 1282 874 Ituccnns
1296 792 1338 851 ait

273 926 283 959 ’
390 957 500 1023 Latios
523 958 685 1044 signabant
705 960 822 1021 nomine
834 956 976 1047 sartos,

225 1052 297 1126 vel,
319 1060 359 1108 nt
377 1041 511 1109 salvian.
528 1044 568 1106 de
582 1043 668 1106 Gub.
681 1042 749 1104 Dei
765 1042 822 1105 VI.
841 1063 874 1126 p.
893 1051 965 1113 122.
981 1048 1068 1109 αηηίι
1080 1048 1207 1108 nardina
1221 1046 1337 1108 triber-

226 1134 318 1211 lant,
348 1145 459 1193 eornm
481 1128 596 1190 itidem
625 1109 702 1211 cipp}
725 1130 796 1211 jure
818 1127 934 1191 merito
960 1126 1046 1191 dieta
1073 1131 1140 1193 fuis
1160 1128 1337 1215 Indespec-

226 1216 397 1281 Herodian.
412 1216 440 1277 Ῑ.
467 1237 494 1281 c.
508 1222 559 1283 16.
584 1207 674 1297 dextri
690 1236 723 1277 te
741 1208 914 1297 ἐπώνυμοι,
945 1212 1102 1278 comens:
1133 1228 1280 1277 errorem
1296 1218 1337 1303 ⁸in

227 1300 291 1363 hac
305 1300 396 1384 palte
418 1321 545 1378 gravem
566 1298 681 1360 olearia·
696 1300 760 1380 jam
776 1296 942 1383 redarguit
960 1298 1127 1359 literarum
1149 1314 1336 1361 nostrarum

229 1384 326 1449 decus
351 1386 388 1448 Ρ.
409 1383 616 1467 Wesselingins
636 1380 729 1444 Obss.
743 1380 798 1462 II,'
821 1389 874 1451 24.
917 1382 968 1443 Ita
982 1382 1115 1445 Salamis
1131 1379 1336 1468 εὐτυχήματος

122 1490 126 1496 ’
225 1466 361 1555 μεγάλου
389 1474 453 1547 τοῖς
467 1466 611 1549 Ἕλλησιν
632 1461 791 1550 ἐπώνυμος
804 1466 930 1550 idonius
952 1468 987 1527 in
1002 1466 1160 1531 Plutarchi
1174 1469 1335 1531 Themist„

222 1576 263 1639 p.
280 1564 349 1624 116.
363 1555 401 1620 E.
418 1553 497 1637 quid
516 1568 621 1615 autem
642 1551 815 1613 Salaminia
837 1550 975 1615 victoria
995 1567 1138 1614 veterum
1162 1554 1199 1612 ln
1222 1576 1334 1615 monn-

227 1642 348 1703 mentis
367 1637 582 1701 celebratius?
609 1636 651 1697 In
665 1634 717 1697 his
732 1651 816 1715 recte
831 1636 997 1719 capiendis
1012 1650 1092 1699 etse
1117 1636 1247 1699 arandis
1264 1642 1333 1722 lap.

102 1738 106 1745 '
227 1746 285 1787 sus
301 1720 349 1788 est
369 1745 437 1785 non
449 1721 592 1786 Budaeus
611 1736 737 1783 tantum
753 1720 789 1783 O.
803 1722 846 1785 L.
863 1720 905 1785 G.
918 1728 951 1803 p}
968 1726 1039 1791 163.
1054 1660 1114 1783 ted
1126 1737 1161 1785 et
1182 1720 1275 1783 hunc
1289 1746 1333 1785 se·

227 1824 325 1873 cutus
339 1807 384 1871 Η.
400 1806 565 1891 Stephanus
579 1806 615 1866 in
628 1804 726 1868 Thes.
755 1802 790 1867 N
791 1818 879 1867 ostro
893 1806 927 1871 sd
942 1794 1103 1888 elenen
1114 1808 1246 1889 πέλαγος
1256 1826 1329 1887 non,

227 1908 269 1954 ut
282 1892 406 1977 priores
429 1890 584 1954 dederant
602 1889 810 1974 interpretes,
833 1894 1022 1975 cognomine,
1046 1889 1104 1951 sed
1124 1890 1209 1975 quod
1230 1916 1329 1957 aomar

70 2027 74 2035 .
163 2010 165 2016 ·
224 1975 271 2041 nb
290 1976 382 2041 Helle
402 1974 503 2039 duxit.
536 1975 697 2059 ¹Longum
722 1989 790 2039 erat
804 1973 1005 2052 laciendum,
1029 1974 1057 2035 si
1079 1974 1231 2037 ‘vertendi
1248 1977 1325 2039 ritis

216 2063 384 2147 ‘colligere
400 2062 486 2122 foret
507 2059 648 2123 animus:
670 2080 738 2121 uno
755 2057 915 2166 defungar
930 2058 1067 2123 Pidonia
1081 2058 1192 2122 Iudaei
1207 2064 1276 2122 loeo
1288 2062 1321 2121 in

228 2148 335 2219 Flacc.
358 2166 390 2229 p.
403 2150 484 2213 976..
498 2148 543 2207 D.
559 2141 631 2221 roric
650 2139 813 2230 dpzoursc,
835 2168 892 2227 την
913 2148 1091 2229 γερουσίαν,
1115 2150 1148 2212 si
1165 2146 1222 2211 reci
1239 2148 1319 2231 pieac

177 2274 183 2281 ·
227 2234 282 2299 tud
302 2237 392 2315 τιμῆς
416 2234 492 2300 εἰσιν
515 2227 680 2313 ἐπώνυμοι.
727 2227 882 2291 Gelenius.-
910 2234 1103 2313 magistratus
1132 2246 1324 2315 senumque

228 2314 393 2387 honoratos
410 2314 459 2376 uel
474 2316 547 2401 prsis
562 2312 834 2398 adpellctionibns,·
855 2312 972 2398 quibus
989 2334 1077 2376 susm
1096 2330 1235 2377 mentera
1253 2314 1324 2376 satis

212 2400 368 2485 '‚1iquido,
382 2416 468 2479 juon,
494 2397 583 2483 quod
597 2397 765 2479 debuerat,
788 2398 840 2460 sui
853 2400 994 2460 auctoris
1010 2400 1216 2482 explanarits
1237 2405 1325 2481 enjus

228 2506 365 2548 acumen
378 2506 416 2547 eo
431 2498 516 2547 certe
533 2482 696 2564 tendebat,
718 2483 791 2567 ipso
808 2489 863 2564 τῇς
874 2487 1034 2568 γερουσίας
1048 2484 1219 2562 vocabulo,
1242 2482 1326 2567 qnod

227 2570 410 2635 manaverit
424 2566 485 2636 cirri
507 2573 565 2637 'toi
583 2570 693 2656 pipare,
717 2582 749 2630 ct
762 2568 974 2630 reverentiam
990 2567 1149 2654 quandam
1163 2567 1327 2653 dignitatis

229 2654 373 2729 excitet,
395 2655 579 2736 oportuisse
601 2656 751 2715 Flaccum
773 2649 943 2731 deterreri,
967 2674 1009 2714 ne
1031 2654 1119 2716 viros
1143 2652 1327 2715 honestissi-

228 2758 300 2800 mos
313 2732 484 2803 servilibus
496 2738 602 2824 flagris
623 2733 864 2814 conscinderet,
888 2736 995 2819 iisqne
1008 2736 1116 2799 modis
1129 2735 1264 2821 indigne
1279 2758 1329 2798 ve·

229 2838 342 2905 xaret,
365 2824 485 2909 ipnibus
505 2846 546 2887 ne
566 2819 742 2887 rilissimos
766 2819 894 2907 quidem
908 2821 1208 2912 abjectissimosqne
1224 2822 1329 2884 honri-

229 2927 290 2972 ucs
305 2911 438 2971 tractari
451 2911 501 2971 fas
517 2909 570 2970 sit.
600 2908 738 2972 lintres.

317 2994 435 3074 Ecclsl.
452 3003 502 3064 11.
532 3000 592 3075 illc
604 2992 775 3078 μητρυιᾶς)
801 2992 882 3071 Ino,
905 2996 986 3077 quas
1003 2990 1119 3055 Cadmi
1139 3006 1173 3055 et
1192 2993 1331 3056 Harmo-

146 3089 156 3097 “
231 3077 307 3147 niae
323 3078 415 3158 filia,
434 3078 599 3141 et”Liberi
624 3076 724 3161 patris
749 3098 791 3139 ex
808 3077 929 3139 Semele
950 3077 1042 3143 Jovis
1068 3076 1129 3139 fitti
1143 3080 1277 3155 nutrix,
1299 3092 1330 3139 et

231 3162 308 3224 ideo
325 3186 343 3223 a
356 3162 487 3226 Iunone
509 3161 656 3243 adflicta,
681 3184 753 3225 cnm
777 3180 840 3245 qna
857 3160 1009 3223 Athamas
1034 3160 1258 3225 Thebanorum
1276 3184 1330 3224 rex

230 3245 389 3309 secundas
408 3247 571 3309 contraxit
586 3249 737 3330 nuptias,
760 3261 930 3331 postquam
947 3246 1093 3327 Nephele
1109 3252 1175 3323 (ex
1192 3268 1254 3331 qna
1268 3251 1331 3331 jam

231 3328 291 3393 ille
305 3330 472 3412 Phryxum
489 3336 522 3395 et
536 3332 653 3394 Hellen
670 3326 877 3417 susceperat)
899 3328 1010 3395 Liberi
1024 3330 1126 3414 patris
1139 3332 1250 3394 lurore
1264 3332 1330 3417 agi·

228 3427 300 3476 tata
314 3416 349 3475 ln
363 3416 460 3479 silvas
474 3440 508 3480 se
521 3422 712 3480 contulerat.
757 3418 858 3495 Haec,
879 3428 1015 3491 uteret,
1035 3415 1088 3491 ita
1103 3436 1214 3479 revera
1228 3438 1262 3479 se
1276 3436 1331 3477 no·

231 3518 357 3563 versam
377 3501 729 3585 gessit,privignosquc
745 3498 924 3562 identidem
939 3498 1024 3582 apud
1040 3502 1161 3581 petreia
1178 3500 1330 3561 adessent

124 3620 132 3629 -
231 3604 271 3644 eo
287 3587 455 3667 compulit,
464 3598 501 3645 ut
517 3586 695 3646 conscenso
711 3588 808 3647 aureo
824 3585 924 3653 ariete
940 3585 1019 3671 Iuga
1034 3582 1102 3644 sibi
1114 3588 1329 3647 consulerent.

139 3735 147 3758 Ι
232 3666 338 3750 Quam
371 3690 437 3729 rem
459 3688 552 3756 aegre
584 3670 691 3731 ferens
715 3672 803 3734 June
825 3668 1015 3730 Athamanti
1041 3668 1156 3748 Eanas
1183 3670 1332 3739 immisit,

224 3772 317 3836 ‘qnae
332 3752 368 3813 in
382 3767 504 3824 tantam
523 3774 595 3815 eum
616 3752 793 3839 adegerunt
806 3747 937 3832 rabiem,
959 3767 997 3815 ut
1012 3774 1083 3821 curn
1098 3754 1160 3815 Ino
1179 3751 1219 3813 ed
1233 3774 1268 3815 se
1286 3776 1333 3814 ac·

138 3866 143 3873 ·
232 3834 400 3900 cedentem
437 3837 635 3921 adspiceret,
665 3837 751 3900 hane
770 3836 900 3921 quidem
917 3842 1078 3919 leaenam,
1116 3834 1205 3898 filios
1226 3853 1331 3899 autem

229 3940 310 3984 snos
327 3921 473 4010 ejusdem
486 3927 611 3987 catulos
627 3942 697 3985 esse
711 3922 938 4000 arbitraretur,
962 3938 1058 4009 atque
1083 3936 1211 4004 raptum
1236 3923 1332 3985 Lear-

232 4004 329 4067 chum
353 4010 488 4069 alterum
504 4007 645 4070 exssfiliis
669 4029 749 4070 sarto
770 4008 915 4088 illiserit,
948 4006 1034 4069 idern
1051 4006 1085 4067 iu
1105 4026 1209 4067 uxore
1231 4006 1333 4069 'exen-

229 4093 320 4172 plunt
339 4089 503 4170 editurus,
527 4092 595 4153 nisi
609 4092 683 4171 ills,
707 4090 840 4176 adrepto
855 4089 1028 4156 Melicerta
1041 4094 1142 4153 altero
1159 4088 1247 4169 filio,
1270 4111 1332 4151 una

229 4194 305 4237 enm
321 4174 381 4250 illo
396 4176 434 4240 in
448 4197 534 4241 mare
557 4195 592 4242 te
614 4176 801 4263 abjecisset,
825 4171 886 4237 ubi
903 4177 1054 4241 Deorum
1070 4173 1281 4239 miseratione
1300 4174 1334 4235 in
